@article{hiremath2016,
    author =       "B. K. Hiremath and Anand Y. Kenchakkanavar",
    title =        "{An Alteration of the Web 1.0, Web 2.0 and Web 3.0: A Comparative Study }",
    journal =      "Imperial Journal of Interdisciplinary Research",
    volume =       "2",
    issue =        "4",
    pages =        "705--709",
    year =         "2016",
    DOI =          "https://d1wqtxts1xzle7.cloudfront.net/51816194/327-660-1-SM-libre.pdf",
    keywords =     "web-comparison"
}

@online{arxiv.org,
    author    = "Barry M. Leiner and Vinton G. Cerf and David D. Clark and Robert E. Kahn and Leonard Kleinrock and Daniel C. Lynch and Jon Postel and Larry G. Roberts and Stephen Wolff",
    title     = "A Brief History of the Internet",
    url       = "https://arxiv.org/html/cs/9901011?",
    addendum  = "(acessed: 30.01.2023)",
    keywords  = "web, history"
}

@article{oreilly2007,
    author =       "O’Reilly, Tim",
    title =        "{What Is Web 2.0: Design Patterns and Business Models for the Next Generation of Software}",
    journal =      "MPRA",
    year =         "2007",
    DOI =          "https://mpra.ub.uni-muenchen.de/4578/",
    keywords =     "web2"
}

@article{connected2022,
    author =       "Zhuotao Liu and Yangxi Xiang and Jian Shi and Peng Gao and Haoyu Wang and Xusheng Xiao and Bihan Wen and Qi Li and Yih-Chun Hu",
    title =        "{Make Web3.0 Connected}",
    journal =      "IEEE TRANSACTIONS ON DEPENDABLE AND SECURE COMPUTING",
    volume =       "19",
    issue =        "5",
    year =         "2022",
    DOI =          "https://ieeexplore.ieee.org/stamp/stamp.jsp?tp=&arnumber=9428608",
    keywords =     "web3, connected"
}

@article{definingweb3,
    author =       "Riaan Rudman and Rikus Bruwer",
    title =        "{Defining Web 3.0: opportunities and challenges}",
    journal =      "The Electronic Library",
    volume =       "34",
    issue =        "1",
    pages =        "132--154",
    year =         "2016",
    DOI =          "www.emeraldinsight.com/0264-0473.htm",
    keywords =     "web3, opportunities, challenges"
}

@online{avast,
    author    = "Carly Burdova",
    title     = "What Is Web 3.0 (Web3 definition)?",
    url       = "https://www.avast.com/c-web-3-0#:~:text=What",
    addendum  = "(acessed: 31.01.2023)",
    keywords  = "avast, web3"
}

@online{techtarget,
    author    = "Sean Michael Kerner and Alexander S. Gillis",
    title     = "Web 3.0 (Web3)",
    url       = "https://www.techtarget.com/whatis/definition/Web-30",
    addendum  = "(acessed: 31.01.2023)",
    keywords  = "techtarget, web3"
}

@incollection{CLARKE201279,
title = {4 - The digital revolution},
editor = {Robert Campbell and Ed Pentz and Ian Borthwick},
booktitle = {Academic and Professional Publishing},
publisher = {Chandos Publishing},
pages = {79-98},
year = {2012},
isbn = {978-1-84334-669-2},
doi = {https://doi.org/10.1016/B978-1-84334-669-2.50004-4},
url = {https://www.sciencedirect.com/science/article/pii/B9781843346692500044},
author = {Michael Clarke},
keywords = {Digital publishing, electronic publishing, online publishing, mobile, mobile web, smartphones, e-readers, tablets, Web 2.0, semantic technology, semantic web, workflow integration, personalization}
}

@article{newmedia,
    author =       "Veronica Barassi and Emiliano Treré",
    title =        "{Does Web 3.0 come after Web 2.0? Deconstructing theoretical assumptions through practice}",
    journal =      "new media and society",
    year =         "2012",
    DOI =          "10.1177/1461444812445878",
    keywords =     "web3"
}

@online{newstack,
    author    = "Richard MacManus",
    title     = "Web3 Architecture and How It Compares to Traditional Web Apps",
    url       = "https://thenewstack.io/web3-architecture-and-how-it-compares-to-traditional-web-apps/",
    year      = "2021",
    addendum  = "(acessed: 31.01.2023)",
    keywords  = "thenewstack, web3"
}

@INPROCEEDINGS{blockchaingeneral,
  author={Zheng, Zibin and Xie, Shaoan and Dai, Hongning and Chen, Xiangping and Wang, Huaimin},
  booktitle={2017 IEEE International Congress on Big Data (BigData Congress)}, 
  title={An Overview of Blockchain Technology: Architecture, Consensus, and Future Trends}, 
  year={2017},
  volume={},
  number={},
  pages={557-564},
  doi={10.1109/BigDataCongress.2017.85}}

  @article{education2011,
    author =       "Rajiv and Manohar Lal",
    title =        "{Web 3.0 in Education and Research}",
    journal =      "BIJIT - BVICAM’s International Journal of Information Technology",
    year =         "2011",
    keywords =     "web3"
}

  @article{pow2016,
    author =       "Arthur Gervais and Ghassan O. Karame and Karl Wüst and Vasileios Glykantzis and Hubert Ritzdorf and Srdjan Capkun",
    title =        "{On the Security and Performance of Proof of Work Blockchains}",
    journal =      "ETH Zurich, Switzerland",
    year =         "2016",
    keywords =     "pow"
}

@ARTICLE{pos,
  author={Nguyen, Cong T. and Hoang, Dinh Thai and Nguyen, Diep N. and Niyato, Dusit and Nguyen, Huynh Tuong and Dutkiewicz, Eryk},
  journal={IEEE Access}, 
  title={Proof-of-Stake Consensus Mechanisms for Future Blockchain Networks: Fundamentals, Applications and Opportunities}, 
  year={2019},
  volume={7},
  number={},
  pages={85727-85745},
  doi={10.1109/ACCESS.2019.2925010}}

@online{ethereumsmartcontracts,
    author    = "ethereum.org",
    title     = "INTRODUCTION TO SMART CONTRACTS",
    url       = "https://ethereum.org/en/developers/docs/smart-contracts/",
    year      = "2022",
    addendum  = "(acessed: 02.02.2023)",
    keywords  = "ethereum, smart contract"
}

@online{ethereumsmartcontractsgeneral,
    author    = "ethereum.org",
    title     = "INTRODUCTION TO SMART CONTRACTS",
    url       = "https://ethereum.org/en/smart-contracts/",
    year      = "2023",
    addendum  = "(acessed: 02.02.2023)",
    keywords  = "ethereum, smart contract"
}

@online{ethereumddapps,
    author    = "ethereum.org",
    title     = "INTRODUCTION TO DAPPS",
    url       = "https://ethereum.org/en/developers/docs/dapps/",
    year      = "2022",
    addendum  = "(acessed: 02.02.2023)",
    keywords  = "ethereum, dapp"
}

@ARTICLE{smartcontracts2019,
  author={Zibin Zheng and Shaoan Xie and Hong-Ning Dai and Weili Chen and Xiangping Chen and Jian Weng and Muhammad Imran},
  title={An Overview on Smart Contracts: Challenges, Advances and Platforms}, 
  year={2019},
  doi={https://arxiv.org/pdf/1912.10370.pdf}}

@ARTICLE{challengesandapplications2019,
author={Monrat, Ahmed Afif and Schelén, Olov and Andersson, Karl},
journal={IEEE Access}, 
title={A Survey of Blockchain From the Perspectives of Applications, Challenges, and Opportunities}, 
year={2019},
volume={7},
number={},
pages={117134-117151},
doi={10.1109/ACCESS.2019.2936094}}

@online{ethereummerge,
    author    = "ethereum.org",
    title     = "The Merge",
    url       = "https://ethereum.org/en/upgrades/merge/",
    year      = "2022",
    addendum  = "(acessed: 03.02.2023)",
    keywords  = "ethereum, PoS"
}


@article{SANKA2021103232,
title = {A systematic review of blockchain scalability: Issues, solutions, analysis and future research},
journal = {Journal of Network and Computer Applications},
volume = {195},
pages = {103232},
year = {2021},
issn = {1084-8045},
doi = {https://doi.org/10.1016/j.jnca.2021.103232},
url = {https://www.sciencedirect.com/science/article/pii/S1084804521002307},
author = {Abdurrashid Ibrahim Sanka and Ray C.C. Cheung},
keywords = {Blockchain, Scalability, Throughput, Latency, Solutions, Analysis},
}

@online{ethereumvision,
    author    = "ethereum.org",
    title     = "A digital future on a global scale",
    url       = "https://ethereum.org/en/upgrades/vision/",
    year      = "2022",
    addendum  = "(acessed: 03.02.2023)",
    keywords  = "ethereum, PoS"
}

@online{geeksDAO,
    author    = "jhimlic1",
    title     = "What was the DAO Hack?",
    url       = "https://www.geeksforgeeks.org/what-was-the-dao-hack/",
    year      = "2022",
    addendum  = "(acessed: 03.02.2023)",
    keywords  = "DAO, hack"
}

@INPROCEEDINGS{privacy,
  author={Zyskind, Guy and Nathan, Oz and Pentland, Alex 'Sandy'},
  booktitle={2015 IEEE Security and Privacy Workshops}, 
  title={Decentralizing Privacy: Using Blockchain to Protect Personal Data}, 
  year={2015},
  volume={},
  number={},
  pages={180-184},
  doi={10.1109/SPW.2015.27}}

@ARTICLE{energy,
author={Bao, Jiabin and He, Debiao and Luo, Min and Choo, Kim-Kwang Raymond},
journal={IEEE Systems Journal}, 
title={A Survey of Blockchain Applications in the Energy Sector}, 
year={2021},
volume={15},
number={3},
pages={3370-3381},
doi={10.1109/JSYST.2020.2998791}}

@INPROCEEDINGS{medicalsector,
  author={Bazel, Mahmood A. and Mohammed, Fathey and Ahmed, Mazida},
  booktitle={2021 1st International Conference on Emerging Smart Technologies and Applications (eSmarTA)}, 
  title={Blockchain Technology in Healthcare Big Data Management: Benefits, Applications and Challenges}, 
  year={2021},
  volume={},
  number={},
  pages={1-8},
  doi={10.1109/eSmarTA52612.2021.9515747}}

@INPROCEEDINGS{voting,
author={Jangada, Atharva and Dadlani, Nimish and Raina, Sanchit and Sooraj, VS and Buchade, A.R.},
booktitle={2022 IEEE International Conference on Blockchain and Distributed Systems Security (ICBDS)}, 
title={De-Centralized Voting System using Blockchain}, 
year={2022},
volume={},
number={},
pages={1-5},
doi={10.1109/ICBDS53701.2022.9936022}}

@ARTICLE{identity,
author={Chen, Ruibiao and Shu, Fangxing and Huang, Shuokang and Huang, Lei and Liu, Huafang and Liu, Jin and Lei, Kai},
journal={Journal of Communications and Information Networks}, 
title={BIdM: A Blockchain-Enabled Cross-Domain Identity Management System}, 
year={2021},
volume={6},
number={1},
pages={44-58},
doi={10.23919/JCIN.2021.9387704}}